<?xml version="1.0" encoding="UTF-8"?><collection xmlns="http://www.loc.gov/MARC21/slim"><record><leader>00320nam--2200121-i-4500</leader><controlfield tag="001">000048107</controlfield><controlfield tag="002">20161230</controlfield><controlfield tag="005">20161230201046</controlfield><controlfield tag="008">060222s1000------------r-----000-0-eng-d</controlfield><datafield ind1=" " ind2=" " tag="100"><subfield code="a">Zurmuhl, R</subfield></datafield><datafield ind1=" " ind2=" " tag="245"><subfield code="a">Praktische mathematik fur ingenieure und physiker</subfield></datafield><datafield ind1=" " ind2=" " tag="260"><subfield code="a">Berlin, Springer-verlag, 1953, X + 483p</subfield></datafield><datafield ind1=" " ind2=" " tag="852"><subfield code="a">10929</subfield></datafield></record></collection>